<record><leader>00000cas a22000007a 4500</leader><controlfield tag="001">19831301</controlfield><controlfield tag="008">890607d193119uunduwr ne      0    0eng d</controlfield><datafield ind1=" " ind2=" " tag="010"><subfield code="a">sn 89074144 </subfield></datafield><datafield ind1=" " ind2=" " tag="040"><subfield code="a">NOP</subfield><subfield code="b">eng</subfield><subfield code="c">NOP</subfield><subfield code="d">OCLCQ</subfield></datafield><datafield ind1=" " ind2=" " tag="042"><subfield code="a">msc</subfield></datafield><datafield ind1="0" ind2="0" tag="245"><subfield code="a">McKenzie County leader.</subfield></datafield><datafield ind1=" " ind2=" " tag="260"><subfield code="a">Arnegard, McKenzie County, N.D. :</subfield><subfield code="b">Arnegard Pub. Co.</subfield></datafield><datafield ind1=" " ind2=" " tag="300"><subfield code="a">v. :</subfield><subfield code="b">ill.</subfield></datafield><datafield ind1=" " ind2=" " tag="310"><subfield code="a">Weekly</subfield></datafield><datafield ind1="0" ind2=" " tag="362"><subfield code="a">-v. 11, no. 23 (Nov. 25, 1938); v. 1, &lt;no. 1&gt; (Dec. &lt;1&gt;, 1938)-</subfield></datafield><datafield ind1=" " ind2=" " tag="500"><subfield code="a">Published at Arnegard, N.D., -Nov. 25, 1938; at Watford City, N.D., Dec. &lt;1&gt;, 1938-</subfield></datafield><datafield ind1=" " ind2=" " tag="515"><subfield code="a">New numbering began with new place of publication.</subfield></datafield><datafield ind1=" " ind2=" " tag="530"><subfield code="a">Available on microfilm from the State Historical Society of North Dakota.</subfield></datafield><datafield ind1=" " ind2=" " tag="588"><subfield code="a">Description based on: Vol. 2, no. 19 (Apr. 17, 1931).</subfield></datafield><datafield ind1=" " ind2=" " tag="752"><subfield code="a">United States</subfield><subfield code="b">North Dakota</subfield><subfield code="c">McKenzie</subfield><subfield code="d">Watford City.</subfield></datafield><datafield ind1=" " ind2=" " tag="752"><subfield code="a">United States</subfield><subfield code="b">North Dakota</subfield><subfield code="c">McKenzie</subfield><subfield code="d">Arnegard.</subfield></datafield><datafield ind1="0" ind2="0" tag="780"><subfield code="t">Watford City leader</subfield></datafield><datafield ind1="1" ind2=" " tag="029"><subfield code="a">AU@</subfield><subfield code="b">000025871906</subfield></datafield></record>